@inbook{clear_code,
	language="russian",
	author="Мартин Р.",
	title="Чистая архитектура. Искусство разработки программного обеспечения",
	publisher=" -- СПб.: Питер",
	year="2018. -- 352 с."
}

@article{trumbor,
	language="english",
	author="T. Möller, B. F. Trumboree",
	title="Minimum Storage Ray/Triangle Intersection",
	journal="Journal of Graphics Tools",
	year=1972,
	volume=2,
	number=1,
	pages="21--28"
}

@misc{postgresql,
	title="PostgreSQL: The World's Most Advanced Open Source Relational Database [Электронный ресурс]",
	howpublished="-- Режим доступа: \url{https://www.postgresql.org/}, свободный -- (14.05.2022)"}
	
@misc{plpgsql,
	title="Pl/pgSQL -- SQL Procedural Language [Электронный ресурс]",
	howpublished="-- Режим доступа: \url{https://www.postgresql.org/docs/current/plpgsql.html}, свободный -- (04.06.2022)"}
	
@misc{ms_sql,
	title="Microsoft SQL Server 2019 [Электронный ресурс]",
	howpublished="-- Режим доступа: \url{https://www.microsoft.com/ru-ru/sql-server/sql-server-2019}, свободный -- (21.06.2022)"}
	
@misc{oracle,
	title="Oracle Database [Электронный ресурс]",
	howpublished="-- Режим доступа: \url{https://www.oracle.com/database/}, свободный -- (21.06.2022)"}
	
@misc{java,
	title="Java [Электронный ресурс]",
	howpublished="-- Режим доступа: \url{https://www.java.com/ru/}, свободный -- (21.06.2022)"}
	
@misc{jdbc,
	title="JDBC Database Access [Электронный ресурс]",
	howpublished="-- Режим доступа: \url{https://docs.oracle.com/javase/tutorial/jdbc/overview/index.html}, свободный -- (21.06.2022)"}
	
@misc{intellij_idea,
	title="IntelliJ IDEA [Электронный ресурс]",
	howpublished="-- Режим доступа: \url{https://www.jetbrains.com/ru-ru/idea/}, свободный -- (21.06.2022)"}
	
@misc{telegram, 
	title="Telegram Messenger [Электронный ресурс]",
	howpublished="-- Режим доступа: \url{https://telegram.org/}, свободный -- (14.05.2022)"}
	
@misc{telegram_api, 
	title="Telegram APIs [Электронный ресурс]",
	howpublished="-- Режим доступа: \url{https://core.telegram.org/}, свободный -- (20.06.2022)"}

@misc{youdo,
	title="YouDo -- сервис поиска специалистов [Электронный ресурс]",
	howpublished="-- Режим доступа: \url{https://youdo.com/}, свободный -- (14.05.2022)"}
	
@misc{all_neighbour,
	title="Все соседи -- сервис соседской взаимовыручки [Электронный ресурс]",
	howpublished="-- Режим доступа: \url{https://vsesosedi.com/}, свободный -- (14.05.2022)"}

@misc{hello_neighbour,
	title="Привет, сосед! -- Городская социальная сеть [Электронный ресурс]",
	howpublished="-- Режим доступа: \url{https://privetsosed.ru/}, свободный -- (14.05.2022)"}

@misc{intel,
	title="Процессор Intel Core i5-1135G7 [Электронный ресурс]",
	howpublished="-- Режим доступа: \url{https://www.intel.ru/content/www/ru/ru/products/sku/208658/intel-core-i51135g7-processor-8m-cache-up-to-4-20-ghz/specifications.html} (дата обращения: 27.01.2022)"
}

@misc{ubuntu,
	title="Ubuntu 20.04 LTS [Электронный ресурс]",
	howpublished="-- Режим доступа: \url{https://releases.ubuntu.com/20.04/} (дата обращения: 27.01.2022)"
}

